
@techreport{Bastagli2012,
  author = {Francesca Bastagli and David Coady and Sanjeev Gupta},
  type = {IMF Staff Discussion Note},
  institution = {International Monetary Fund,},
  title = {{Income Inequality and Fiscal Policy}},
  year = {2012}
}

@techreport{GIZ2015,
  author = {{GIZ}},
  type = {Policy Report},
  institution = {Deutsche Gesellschaft für Internationale Zusammenarbeit,},
  title = {{Reducing Rnequality: The Role of Good Financial Governance}},
  year = {2015}
}

@techreport{Herran2005,
  author = {Carlos Herrán},
  type = {Economic and Social Study Series},
  number ={RE1-05-002},
  institution = {Inter-American Development Bank,},
  title = {{Reducing Poverty and Inequality in Brazil}},
  year = {2005}
}


@techreport{Breunig2019,
  author = {Robert Breunig and Trevor Rose},
  type = {Working Paper},
  number ={},
  institution = {Crawford School of Public Policy, Australian National University,},
  title = {{Public Policy and the Economics of Inequality, Case Study prepared for Economics of Government POGO8081}},
  year = {2019}
}


@ARTICLE{McAfee1992-sn,
  title     = "{Horizontal Mergers and Antitrust Policy}",
  author    = "McAfee, R Preston and Williams, Michael A",
  journal   = "The Journal of Industrial Economics",
  publisher = "Wiley",
  volume    =  40,
  number    =  2,
  pages     = "181--187",
  year      =  1992
}

