
@article{bib:abadie2005,
  title = {Semiparametric {{Difference-in-Differences Estimators}}},
  author = {Abadie, Alberto},
  year = {2005},
  journal = {Review of Economic Studies},
  volume = {72},
  number = {1},
  pages = {1--19},
  issn = {1467-937X, 0034-6527},
  doi = {10.1111/0034-6527.00321}
}

@article{bib:acemoglu2007,
  title = {Disease and {{Development}}: {{The Effect}} of {{Life Expectancy}} on {{Economic Growth}}},
  shorttitle = {Disease and {{Development}}},
  author = {Acemoglu, Daron and Johnson, Simon},
  year = {2007},
  month = dec,
  journal = {Journal of Political Economy},
  volume = {115},
  number = {6},
  pages = {925--985},
  publisher = {{The University of Chicago Press}},
  issn = {0022-3808},
  doi = {10.1086/529000}
}

@techreport{bib:acemoglu2017a,
  type = {Working {{Paper}}},
  title = {Weak {{States}}: {{Causes}} and {{Consequences}} of the {{Sicilian Mafia}}},
  author = {Acemoglu, Daron and Feo, Giuseppe De and Luca, Giacomo De},
  year = {2017},
  month = dec,
  number = {24115},
  pages = {64},
  address = {{Cambridge, MA}},
  institution = {{National Bureau of Economic Research}}
}

@article{bib:adams2011,
  title = {Is Anybody Listening? {{Evidence}} That Voters Do Not Respond to European Parties' Policy Statements during Elections},
  author = {Adams, James and Ezrow, Lawrence and {Somer-Topcu}, Zeynep},
  year = {2011},
  month = jan,
  journal = {American Journal of Political Science},
  volume = {55},
  number = {2},
  pages = {370--382},
  publisher = {{Wiley}},
  doi = {10.1111/j.1540-5907.2010.00489.x}
}

@article{bib:adams2014,
  title = {Do Voters Respond to Party Manifestos or to a Wider Information Environment? {{An}} Analysis of Mass-Elite Linkages on European Integration},
  author = {Adams, James and Ezrow, Lawrence and {Somer-Topcu}, Zeynep},
  year = {2014},
  month = may,
  journal = {American Journal of Political Science},
  volume = {58},
  number = {4},
  pages = {967--978},
  publisher = {{Wiley}},
  doi = {10.1111/ajps.12115}
}

@article{bib:ahlquist2020,
  title = {The {{Political Consequences}} of {{External Economic Shocks}}: {{Evidence}} from {{Poland}}},
  shorttitle = {The {{Political Consequences}} of {{External Economic Shocks}}},
  author = {Ahlquist, John and Copelovitch, Mark and Walter, Stefanie},
  year = {2020},
  journal = {American Journal of Political Science},
  issn = {1540-5907},
  doi = {10.1111/ajps.12503},
  copyright = {\textcopyright 2020, Midwest Political Science Association},
  annotation = {\_eprint: https://onlinelibrary.wiley.com/doi/pdf/10.1111/ajps.12503}
}

@unpublished{bib:ahlquist2020a,
  title = {The {{Effects}} of {{Import Competition}} on {{Unionization}}},
  author = {Ahlquist, John S. and Downey, Mitch},
  year = {2020},
  month = aug
}

@article{bib:alabrese2019,
  title = {Who Voted for {{Brexit}}? {{Individual}} and Regional Data Combined},
  author = {Alabrese, Eleonora and Becker, Sascha O. and Fetzer, Thiemo and Novy, Dennis},
  year = {2019},
  month = jan,
  journal = {European Journal of Political Economy},
  volume = {56},
  pages = {132--150},
  publisher = {{Elsevier BV}},
  doi = {10.1016/j.ejpoleco.2018.08.002}
}

@unpublished{bib:albornoz2020,
  title = {The {{Brexit Referendum}} and the {{Rise}} in {{Hate Crime}}; {{Conforming}} to the {{New Norm}}},
  author = {Albornoz, Facundo and Bradley, Jake and Sonderegger, Silvia},
  year = {2020},
  month = jul
}

@techreport{bib:alesina2017,
  type = {Working {{Paper}}},
  title = {Is {{Europe}} an {{Optimal Political Area}}?},
  author = {Alesina, Alberto and Tabellini, Guido and Trebbi, Francesco},
  year = {2017},
  month = apr,
  series = {Working {{Paper Series}}},
  number = {23325},
  address = {{Cambridge, MA}},
  institution = {{National Bureau of Economic Research}},
  doi = {10.3386/w23325}
}

@article{bib:algan2017,
  title = {The {{European Trust Crisis}} and the {{Rise}} of {{Populism}}},
  author = {Algan, Yann and Guriev, Sergei and Papaioannou, Elias and Passari, Evgenia},
  year = {2017},
  journal = {Brookings Papers on Economic Activity},
  pages = {309--382},
  publisher = {{Brookings Institution Press}},
  issn = {0007-2303}
}

@article{bib:alt2021,
  title = {Diffusing Political Concerns: {{How}} Unemployment Information Passed between Social Ties Influences {{Danish}} Voters},
  shorttitle = {Diffusing Political Concerns},
  author = {Alt, James E. and Jensen, Amalie and Larreguy, Horacio and Lassen, David D. and Marshall, John},
  year = {2021},
  month = apr,
  journal = {Journal of Politics},
  issn = {0022-3816, 1468-2508},
  doi = {10.1086/714925}
}

@article{bib:amiti2018,
  title = {How {{Much Do Idiosyncratic Bank Shocks Affect Investment}}? {{Evidence}} from {{Matched Bank-Firm Loan Data}}},
  shorttitle = {How {{Much Do Idiosyncratic Bank Shocks Affect Investment}}?},
  author = {Amiti, Mary and Weinstein, David E.},
  year = {2018},
  month = apr,
  journal = {Journal of Political Economy},
  volume = {126},
  number = {2},
  pages = {525--587},
  publisher = {{The University of Chicago Press}},
  issn = {0022-3808},
  doi = {10.1086/696272}
}

@article{bib:angrist1995,
  title = {Two-{{Stage Least Squares Estimation}} of {{Average Causal Effects}} in {{Models}} with {{Variable Treatment Intensity}}},
  author = {Angrist, Joshua D. and Imbens, Guido W.},
  year = {1995},
  month = jun,
  journal = {Journal of the American Statistical Association},
  volume = {90},
  number = {430},
  pages = {431--442},
  publisher = {{Taylor \& Francis}},
  issn = {0162-1459},
  doi = {10.1080/01621459.1995.10476535},
  annotation = {\_eprint: https://www.tandfonline.com/doi/pdf/10.1080/01621459.1995.10476535}
}

@techreport{bib:angrist2022,
  type = {Working {{Paper}}},
  title = {Empirical {{Strategies}} in {{Economics}}: {{Illuminating}} the {{Path}} from {{Cause}} to {{Effect}}},
  shorttitle = {Empirical {{Strategies}} in {{Economics}}},
  author = {Angrist, Joshua},
  year = {2022},
  month = feb,
  series = {Working {{Paper Series}}},
  number = {29726},
  address = {{Cambridge, MA}},
  institution = {{National Bureau of Economic Research}},
  doi = {10.3386/w29726}
}

@techreport{bib:antoniades2018,
  type = {Working {{Paper}}},
  title = {Mortgage {{Market Credit Conditions}} and {{U}}.{{S}}. {{Presidential Elections}}},
  author = {Antoniades, Alexis and Calomiris, Charles W},
  year = {2018},
  number = {24459},
  pages = {49},
  address = {{Cambridge, MA}},
  institution = {{National Bureau of Economic Research}}
}

@article{bib:antoniades2020,
  title = {Mortgage Market Credit Conditions and {{U}}.{{S}}. {{Presidential}} Elections},
  author = {Antoniades, Alexis and Calomiris, Charles W.},
  year = {2020},
  month = sep,
  journal = {European Journal of Political Economy},
  volume = {64},
  pages = {101909},
  publisher = {{Elsevier BV}},
  doi = {10.1016/j.ejpoleco.2020.101909}
}

@article{bib:arkhangelsky2021a,
  title = {Synthetic {{Difference-in-Differences}}},
  author = {Arkhangelsky, Dmitry and Athey, Susan and Hirshberg, David A. and Imbens, Guido W. and Wager, Stefan},
  year = {2021},
  month = dec,
  journal = {American Economic Review},
  volume = {111},
  number = {12},
  pages = {4088--4118},
  issn = {0002-8282},
  doi = {10.1257/aer.20190159}
}

@techreport{bib:ash2021,
  title = {Text {{Semantics Capture Political}} and {{Economic Narratives}}},
  author = {Ash, Elliott and Gauthier, Germain and Widmer, Philine},
  year = {2021},
  month = aug,
  eprint = {2108.01720},
  eprinttype = {arxiv},
  archiveprefix = {arXiv}
}

@article{bib:athey2006,
  title = {Identification and {{Inference}} in {{Nonlinear Difference-in-Differences Models}}},
  author = {Athey, Susan and Imbens, Guido W.},
  year = {2006},
  journal = {Econometrica},
  volume = {74},
  number = {2},
  pages = {431--497},
  doi = {10.1111/j.1468-0262.2006.00668.x}
}

@article{bib:athey2016,
  title = {Recursive {{Partitioning}} for {{Heterogeneous Causal Effects}}},
  author = {Athey, Susan and Imbens, Guido},
  year = {2016},
  month = jul,
  journal = {Proceedings of the National Academy of Sciences},
  volume = {113},
  number = {27},
  pages = {7353--7360},
  issn = {0027-8424, 1091-6490},
  doi = {10.1073/pnas.1510489113}
}

@techreport{bib:athey2018,
  type = {Working {{Paper}}},
  title = {Design-Based {{Analysis}} in {{Difference-In-Differences Settings}} with {{Staggered Adoption}}},
  author = {Athey, Susan and Imbens, Guido W},
  year = {2018},
  month = aug,
  series = {Working {{Paper Series}}},
  number = {24963},
  address = {{Cambridge, MA}},
  institution = {{National Bureau of Economic Research}},
  doi = {10.3386/w24963}
}

@article{bib:autor2003,
  title = {Outsourcing at {{Will}}: {{The Contribution}} of {{Unjust Dismissal Doctrine}} to the {{Growth}} of {{Employment Outsourcing}}},
  author = {Autor, David H.},
  year = {2003},
  month = jan,
  journal = {Journal of Labor Economics},
  volume = {21},
  number = {1},
  pages = {1--42},
  publisher = {{The University of Chicago Press}},
  issn = {0734-306X},
  doi = {10.1086/344122}
}

@article{bib:autor2020,
  title = {Importing {{Political Polarization}}? {{The Electoral Consequences}} of {{Rising Trade Exposure}}},
  shorttitle = {Importing {{Political Polarization}}?},
  author = {Autor, David and Dorn, David and Hanson, Gordon and Majlesi, Kaveh},
  year = {2020},
  month = oct,
  journal = {American Economic Review},
  volume = {110},
  number = {10},
  pages = {3139--3183},
  issn = {0002-8282},
  doi = {10.1257/aer.20170011}
}

@article{bib:avdeenko2018,
  title = {Long-{{Term Evidence}} of {{Retrospective Voting}}: {{A Natural Experiment}} from the {{German Democratic Republic}}},
  shorttitle = {Long-{{Term Evidence}} of {{Retrospective Voting}}},
  author = {Avdeenko, Alexandra},
  year = {2018},
  month = apr,
  journal = {European Economic Review},
  volume = {103},
  pages = {83--107},
  issn = {0014-2921},
  doi = {10.1016/j.euroecorev.2018.01.006}
}

@article{bib:baker2016,
  title = {Measuring {{Economic Policy Uncertainty}}},
  author = {Baker, Scott R. and Bloom, Nicholas and Davis, Steven J.},
  year = {2016},
  month = nov,
  journal = {Quarterly Journal of Economics},
  volume = {131},
  number = {4},
  pages = {1593--1636},
  issn = {0033-5533},
  doi = {10.1093/qje/qjw024}
}

@article{bib:banerjee1994,
  title = {Thy {{Neighbor}}'s {{Keeper}}: {{The Design}} of a {{Credit Cooperative}} with {{Theory}} and a {{Test}}},
  shorttitle = {Thy {{Neighbor}}'s {{Keeper}}},
  author = {Banerjee, Abhijit V. and Besley, Timothy and Guinnane, Timothy W.},
  year = {1994},
  month = may,
  journal = {Quarterly Journal of Economics},
  volume = {109},
  number = {2},
  pages = {491--515},
  issn = {0033-5533, 1531-4650},
  doi = {10.2307/2118471}
}

@article{bib:barrage2020,
  title = {Advertising and {{Environmental Stewardship}}: {{Evidence}} from the {{BP Oil Spill}}},
  shorttitle = {Advertising and {{Environmental Stewardship}}},
  author = {Barrage, Lint and Chyn, Eric and Hastings, Justine},
  year = {2020},
  month = feb,
  journal = {American Economic Journal: Economic Policy},
  volume = {12},
  number = {1},
  pages = {33--61},
  issn = {1945-7731},
  doi = {10.1257/pol.20160555}
}

@book{bib:becker2000,
  title = {The {{Personal Distribution}} of {{Income}} in an {{International Perspective}}},
  editor = {Becker, Irene and Hauser, Richard},
  year = {2000},
  publisher = {{Springer}},
  address = {{Berlin, Germany}},
  doi = {10.1007/978-3-642-57232-6},
  isbn = {978-3-642-63195-5 978-3-642-57232-6}
}

@unpublished{bib:becker2021,
  title = {Shamed to {{Death}}: {{Social Image Concerns}} and {{War Participation}}},
  author = {Becker, Anna},
  year = {2021},
  month = nov,
  annotation = {JMP}
}

@article{bib:beland2015,
  title = {Political {{Parties}} and {{Labor-Market Outcomes}}: {{Evidence}} from {{US States}}},
  shorttitle = {Political {{Parties}} and {{Labor-Market Outcomes}}},
  author = {Beland, Louis-Philippe},
  year = {2015},
  month = oct,
  journal = {American Economic Journal: Applied Economics},
  volume = {7},
  number = {4},
  pages = {198--220},
  issn = {1945-7782},
  doi = {10.1257/app.20120387}
}

@article{bib:berg2021,
  title = {Spillover {{Effects}} in {{Empirical Corporate Finance}}},
  author = {Berg, Tobias and Reisinger, Markus and Streitz, Daniel},
  year = {2021},
  month = dec,
  journal = {Journal of Financial Economics},
  volume = {142},
  number = {3},
  pages = {1109--1127},
  issn = {0304-405X},
  doi = {10.1016/j.jfineco.2021.04.039}
}

@article{bib:bertrand2004,
  title = {How {{Much Should We Trust Differences-In-Differences Estimates}}?},
  shorttitle = {How {{Much Should We Trust Differences-In-Differences Estimates}}?},
  author = {Bertrand, Marianne and Duflo, Esther and Mullainathan, Sendhil},
  year = {2004},
  month = feb,
  journal = {Quarterly Journal of Economics},
  volume = {119},
  number = {1},
  pages = {249--275},
  issn = {0033-5533},
  doi = {10.1162/003355304772839588}
}

@unpublished{bib:bilinski2018,
  title = {Nothing to See Here? {{Non-inferiority}} Approaches to Parallel Trends and Other Model Assumptions},
  shorttitle = {Nothing to See Here?},
  author = {Bilinski, Alyssa and Hatfield, Laura A.},
  year = {2018},
  month = may
}

@techreport{bib:boeri2018,
  type = {Working {{Paper}}},
  title = {Populism and {{Civil Society}}},
  author = {Boeri, Tito and Mishra, Prachi and Papageorgiou, Chris and Spilimbergo, Antonio},
  year = {2018},
  number = {WP/18/245},
  pages = {1},
  address = {{Washington, DC}},
  institution = {{International Monetary Fund}}
}

@article{bib:bojinov2021,
  title = {Panel Experiments and Dynamic Causal Effects: {{A}} Finite Population Perspective},
  shorttitle = {Panel Experiments and Dynamic Causal Effects},
  author = {Bojinov, Iavor and Rambachan, Ashesh and Shephard, Neil},
  year = {2021},
  journal = {Quantitative Economics},
  volume = {12},
  number = {4},
  pages = {1171--1196},
  issn = {1759-7331},
  doi = {10.3982/QE1744},
  annotation = {\_eprint: https://onlinelibrary.wiley.com/doi/pdf/10.3982/QE1744}
}

@techreport{bib:borusyak2017,
  type = {{{SSRN Scholarly Paper}}},
  title = {Revisiting {{Event Study Designs}}},
  author = {Borusyak, Kirill and Jaravel, Xavier},
  year = {2017},
  month = may,
  number = {ID 2826228},
  address = {{Rochester, NY}},
  institution = {{Social Science Research Network}},
  doi = {10.2139/ssrn.2826228}
}

@unpublished{bib:borusyak2021,
  title = {Revisiting {{Event Study Designs}}: {{Robust}} and {{Efficient Estimation}}},
  shorttitle = {Revisiting {{Event Study Designs}}},
  author = {Borusyak, Kirill and Jaravel, Xavier and Spiess, Jann},
  year = {2021},
  month = aug
}

@article{bib:botosaru2018,
  title = {Difference-in-{{Differences When}} the {{Treatment Status Is Observed}} in {{Only One Period}}},
  shorttitle = {Difference-in-{{Differences When}} the {{Treatment Status Is Observed}} in {{Only One Period}}},
  author = {Botosaru, Irene and Gutierrez, Federico H.},
  year = {2018},
  month = jan,
  journal = {Journal of Applied Econometrics},
  volume = {33},
  number = {1},
  pages = {73--90},
  issn = {08837252},
  doi = {10.1002/jae.2583}
}

@techreport{bib:boxell2020,
  type = {Working {{Paper}}},
  title = {Cross-{{Country Trends}} in {{Affective Polarization}}},
  author = {Boxell, Levi and Gentzkow, Matthew and Shapiro, Jesse M.},
  year = {2020},
  month = jan,
  series = {Working {{Paper Series}}},
  number = {26669},
  address = {{Cambridge, MA}},
  institution = {{National Bureau of Economic Research}},
  doi = {10.3386/w26669}
}

@article{bib:braggion2020,
  title = {Credit and {{Social Unrest}}: {{Evidence}} from 1930s {{China}}},
  shorttitle = {Credit and {{Social Unrest}}},
  author = {Braggion, Fabio and Manconi, Alberto and Zhu, Haikun},
  year = {2020},
  month = may,
  journal = {Journal of Financial Economics},
  issn = {0304-405X},
  doi = {10.1016/j.jfineco.2020.05.001}
}

@misc{bib:burst2020,
  title = {Manifesto {{Corpus}}},
  author = {Burst, Tobias and Krause, Werner and Lehmann, Pola and Lewandoski, Jirka and Matthie{\ss}, Theres and Merz, Nicolas and Regel, Sven and Zehnter, Lisa},
  year = {2020},
  month = jan,
  publisher = {{WZB Berlin Social Science Center}}
}

@article{bib:bursztyn2020a,
  title = {From {{Extreme}} to {{Mainstream}}: {{The Erosion}} of {{Social Norms}}},
  shorttitle = {From {{Extreme}} to {{Mainstream}}},
  author = {Bursztyn, Leonardo and Egorov, Georgy and Fiorin, Stefano},
  year = {2020},
  month = nov,
  journal = {American Economic Review},
  volume = {110},
  number = {11},
  pages = {3522--3548},
  issn = {0002-8282},
  doi = {10.1257/aer.20171175}
}

@techreport{bib:butikofer2015,
  type = {Discussion {{Paper}}},
  title = {Disease {{Control}} and {{Inequality Reduction}}: {{Evidence}} from a {{Turberculosis Testing}} and {{Vaccination Campaign}}},
  author = {B{\"u}tikofer, Aline and Salvanes, Kjell G.},
  year = {2015},
  month = sep,
  number = {SAM 28/2015},
  address = {{Bergen, Norway}},
  institution = {{Norges Handelsh\o yskole}}
}

@unpublished{bib:callaway2021,
  title = {Difference-in-{{Differences}} with a {{Continuous Treatment}}},
  author = {Callaway, Brantly and {Goodman-Bacon}, Andrew and Sant'Anna, Pedro H C},
  year = {2021},
  month = sep
}

@article{bib:callaway2021a,
  title = {Difference-in-{{Differences}} with Multiple Time Periods},
  author = {Callaway, Brantly and Sant'Anna, Pedro H.C.},
  year = {2021},
  month = dec,
  journal = {Journal of Econometrics},
  volume = {225},
  number = {2},
  pages = {200--230},
  issn = {03044076},
  doi = {10.1016/j.jeconom.2020.12.001}
}

@article{bib:cameron2015,
  title = {A {{Practitioner}}'s {{Guide}} to {{Cluster-Robust Inference}}},
  author = {Cameron, A. Colin and Miller, Douglas L.},
  year = {2015},
  month = mar,
  journal = {Journal of Human Resources},
  volume = {50},
  number = {2},
  pages = {317--372},
  publisher = {{University of Wisconsin Press}},
  issn = {0022-166X, 1548-8004},
  doi = {10.3368/jhr.50.2.317}
}

@techreport{bib:cantarella2020,
  type = {Working {{Paper}}},
  title = {Does {{Fake News Affect Voting Behaviour}}?},
  author = {Cantarella, Michele and Fraccaroli, Nicol{\`o} and Volpe, Roberto},
  year = {2020},
  month = jun,
  number = {493},
  pages = {55},
  institution = {{CEIS Tor Vergata}}
}

@unpublished{bib:cantoni2019,
  title = {Persistence and {{Activation}} of {{Right-Wing Political Ideology}}},
  author = {Cantoni, Davide and Hagemeister, Felix and Westcott, Mark},
  year = {2019}
}

@techreport{bib:cerrato2018,
  type = {{{SSRN Scholarly Paper}}},
  title = {Why {{Does Import Competition Favor Republicans}}?},
  author = {Cerrato, Andrea and Ferrara, Federico Maria and Ruggieri, Francesco},
  year = {2018},
  month = sep,
  number = {ID 3147169},
  address = {{Rochester, NY}},
  institution = {{Social Science Research Network}},
  doi = {10.2139/ssrn.3147169}
}

@article{bib:chodorow-reich2014,
  title = {The {{Employment Effects}} of {{Credit Market Disruptions}}: {{Firm-level Evidence}} from the 2008\textendash 9 {{Financial Crisis}}},
  shorttitle = {The {{Employment Effects}} of {{Credit Market Disruptions}}},
  author = {{Chodorow-Reich}, Gabriel},
  year = {2014},
  month = feb,
  journal = {Quarterly Journal of Economics},
  volume = {129},
  number = {1},
  pages = {1--59},
  publisher = {{Oxford Academic}},
  issn = {0033-5533},
  doi = {10.1093/qje/qjt031}
}

@article{bib:colantone2018,
  title = {Global {{Competition}} and {{Brexit}}},
  author = {Colantone, Italo and Stanig, Piero},
  year = {2018},
  month = may,
  journal = {American Political Science Review},
  volume = {112},
  number = {2},
  pages = {201--218},
  issn = {0003-0554, 1537-5943},
  doi = {10.1017/S0003055417000685}
}

@article{bib:colantone2018a,
  title = {The {{Trade Origins}} of {{Economic Nationalism}}: {{Import Competition}} and {{Voting Behavior}} in {{Western Europe}}},
  shorttitle = {The {{Trade Origins}} of {{Economic Nationalism}}},
  author = {Colantone, Italo and Stanig, Piero},
  year = {2018},
  journal = {American Journal of Political Science},
  volume = {62},
  number = {4},
  pages = {936--953},
  issn = {1540-5907},
  doi = {10.1111/ajps.12358},
  copyright = {\textcopyright 2018, Midwest Political Science Association},
  annotation = {\_eprint: https://onlinelibrary.wiley.com/doi/pdf/10.1111/ajps.12358}
}

@article{bib:colantone2019,
  title = {The {{Surge}} of {{Economic Nationalism}} in {{Western Europe}}},
  author = {Colantone, Italo and Stanig, Piero},
  year = {2019},
  month = nov,
  journal = {Journal of Economic Perspectives},
  volume = {33},
  number = {4},
  pages = {128--151},
  issn = {0895-3309},
  doi = {10.1257/jep.33.4.128}
}

@article{bib:curini2021,
  title = {Committed {{Moderates}} and {{Uncommitted Extremists}}: {{Ideological Leaning}} and {{Parties}}' {{Narratives}} on {{Military Interventions}} in {{Italy}}},
  shorttitle = {Committed {{Moderates}} and {{Uncommitted Extremists}}},
  author = {Curini, Luigi and Vignoli, Valerio},
  year = {2021},
  month = jun,
  journal = {Foreign Policy Analysis},
  volume = {17},
  number = {3},
  issn = {1743-8586},
  doi = {10.1093/fpa/orab016}
}

@article{bib:cutler2010,
  title = {Early-{{Life Malaria Exposure}} and {{Adult Outcomes}}: {{Evidence}} from {{Malaria Eradication}} in {{India}}},
  shorttitle = {Early-{{Life Malaria Exposure}} and {{Adult Outcomes}}},
  author = {Cutler, David and Fung, Winnie and Kremer, Michael and Singhal, Monica and Vogl, Tom},
  year = {2010},
  month = apr,
  journal = {American Economic Journal: Applied Economics},
  volume = {2},
  number = {2},
  pages = {72--94},
  issn = {1945-7782},
  doi = {10.1257/app.2.2.72}
}

@unpublished{bib:dalbo2020,
  title = {Economic and {{Social Outsiders}} but {{Political Insiders}}: {{Sweden}}'s {{Radical Right}}},
  author = {Dal B{\'o}, Ernesto and Finan, Frederico and Folke, Olle and Persson, Torsten and Rickne, Johanna},
  year = {2020},
  month = mar
}

@article{bib:dechaisemartin2018,
  title = {Fuzzy {{Differences-in-Differences}}},
  author = {{de Chaisemartin}, Clement and D'Haultf{\oe}uille, Xavier},
  year = {2018},
  month = apr,
  journal = {Review of Economic Studies},
  volume = {85},
  number = {2},
  eprint = {1510.01757},
  eprinttype = {arxiv},
  pages = {999--1028},
  issn = {0034-6527, 1467-937X},
  doi = {10.1093/restud/rdx049},
  archiveprefix = {arXiv}
}

@article{bib:dechaisemartin2019,
  title = {Fuzzy Differences-in-Differences with {{Stata}}},
  author = {{de Chaisemartin}, Cl{\'e}ment and D'Haultf{\oe}uille, Xavier and Guyonvarch, Yannick},
  year = {2019},
  month = jun,
  journal = {Stata Journal},
  volume = {19},
  number = {2},
  pages = {435--458},
  publisher = {{SAGE Publications}},
  issn = {1536-867X},
  doi = {10.1177/1536867X19854019}
}

@misc{bib:dechaisemartin2019a,
  title = {{{TWOWAYFEWEIGHTS}}: {{Stata}} Module to Estimate the Weights and Measure of Robustness to Treatment Effect Heterogeneity Attached to Two-Way Fixed Effects Regressions},
  shorttitle = {{{TWOWAYFEWEIGHTS}}},
  author = {{de Chaisemartin}, Cl{\'e}ment and D'Haultfoeuille, Xavier and Deeb, Antoine},
  year = {2019},
  month = feb,
  address = {{Chestnut Hill, MA}}
}

@article{bib:dechaisemartin2020,
  title = {Two-{{Way Fixed Effects Estimators}} with {{Heterogeneous Treatment Effects}}},
  author = {{de Chaisemartin}, Cl{\'e}ment and D'Haultf{\oe}uille, Xavier},
  year = {2020},
  month = sep,
  journal = {American Economic Review},
  volume = {110},
  number = {9},
  pages = {2964--2996},
  issn = {0002-8282},
  doi = {10.1257/aer.20181169}
}

@unpublished{bib:dechaisemartin2020a,
  title = {Two-Way {{Fixed Effects Regressions}} with {{Several Treatments}}},
  author = {{de Chaisemartin}, Cl{\'e}ment and D'Haultf{\oe}uille, Xavier},
  year = {2020},
  month = dec
}

@unpublished{bib:dechaisemartin2021,
  title = {Difference-in-{{Differences Estimators}} of {{Intertemporal Treatment Effects}}},
  author = {{de Chaisemartin}, Cl{\'e}ment and D'Haultfoeuille, Xavier},
  year = {2021},
  month = jun,
  eprint = {2007.04267},
  eprinttype = {arxiv},
  archiveprefix = {arXiv}
}

@unpublished{bib:dechaisemartin2022,
  title = {Difference-in-{{Differences Estimators}} for {{Treatments Continuously Distributed}} at {{Every Period}}},
  author = {{de Chaisemartin}, Cl{\'e}ment and D'Haultf{\oe}uille, Xavier and Pasquier, F{\'e}lix and {Vazquez-Bare}, Gonzalo},
  year = {2022},
  month = jan
}

@techreport{bib:dechaisemartin2022a,
  type = {Working {{Paper}}},
  title = {Two-{{Way Fixed Effects}} and {{Differences-in-Differences}} with {{Heterogeneous Treatment Effects}}: {{A Survey}}},
  shorttitle = {Two-{{Way Fixed Effects}} and {{Differences-in-Differences}} with {{Heterogeneous Treatment Effects}}},
  author = {{de Chaisemartin}, Cl{\'e}ment and D'Haultfoeuille, Xavier},
  year = {2022},
  month = jan,
  series = {Working {{Paper Series}}},
  number = {29691},
  address = {{Cambridge, MA}},
  institution = {{National Bureau of Economic Research}},
  doi = {10.3386/w29691}
}

@techreport{bib:dehdari2019,
  type = {{{SSRN Scholarly Paper}}},
  title = {Economic {{Distress}} and {{Support}} for {{Radical Right Parties}} - {{Evidence}} from {{Sweden}}},
  author = {Dehdari, Sirus H.},
  year = {2019},
  month = jul,
  number = {ID 3160480},
  address = {{Rochester, NY}},
  institution = {{Social Science Research Network}},
  doi = {10.2139/ssrn.3160480}
}

@article{bib:dehdari2021,
  title = {Economic {{Distress}} and {{Support}} for {{Radical Right Parties}}\textemdash{{Evidence From Sweden}}},
  author = {Dehdari, Sirus H.},
  year = {2021},
  month = jun,
  journal = {Comparative Political Studies},
  pages = {1--31},
  publisher = {{SAGE Publications Inc}},
  issn = {0010-4140},
  doi = {10.1177/00104140211024301}
}

@book{bib:deka2019,
  title = {Pattern {{Recognition}} and {{Machine Intelligence}}: 8th {{International Conference}}, {{PReMI}} 2019, {{Tezpur}}, {{India}}, {{December}} 17-20, 2019, {{Proceedings}}, {{Part II}}},
  shorttitle = {Pattern {{Recognition}} and {{Machine Intelligence}}},
  editor = {Deka, Bhabesh and Maji, Pradipta and Mitra, Sushmita and Bhattacharyya, Dhruba Kumar and Bora, Prabin Kumar and Pal, Sankar Kumar},
  year = {2019},
  series = {Lecture {{Notes}} in {{Computer Science}}},
  volume = {11942},
  publisher = {{Springer International Publishing}},
  address = {{Cham}},
  doi = {10.1007/978-3-030-34872-4},
  isbn = {978-3-030-34871-7 978-3-030-34872-4}
}

@unpublished{bib:dhaultfoeuille2021,
  title = {Nonparametric {{Difference-in-Differences}} in {{Repeated Cross-Sections}} with {{Continuous Treatments}}},
  author = {D'Haultf{\oe}uille, Xavier and Hoderlein, Stefan and Sasaki, Yuya},
  year = {2021},
  month = apr
}

@article{bib:dinas2019,
  title = {Waking up the {{Golden Dawn}}: {{Does Exposure}} to the {{Refugee Crisis Increase Support}} for {{Extreme-Right Parties}}?},
  shorttitle = {Waking up the {{Golden Dawn}}},
  author = {Dinas, Elias and Matakos, Konstantinos and Xefteris, Dimitrios and Hangartner, Dominik},
  year = {2019},
  month = apr,
  journal = {Political Analysis},
  volume = {27},
  number = {2},
  pages = {244--254},
  publisher = {{Cambridge University Press}},
  issn = {1047-1987, 1476-4989},
  doi = {10.1017/pan.2018.48}
}

@techreport{bib:dippel2015,
  type = {Working {{Paper}}},
  title = {Globalization and {{Its}} ({{Dis-}}){{Content}}: {{Trade Shocks}} and {{Voting Behavior}}},
  shorttitle = {Globalization and {{Its}} ({{Dis-}}){{Content}}},
  author = {Dippel, Christian and Gold, Robert and Heblich, Stephan},
  year = {2015},
  month = dec,
  series = {Working {{Paper Series}}},
  number = {21812},
  address = {{Cambridge, MA}},
  institution = {{National Bureau of Economic Research}},
  doi = {10.3386/w21812}
}

@article{bib:dippel2020,
  title = {Causal Mediation Analysis in Instrumental-Variables Regressions},
  author = {Dippel, Christian and Ferrara, Andreas and Heblich, Stephan},
  year = {2020},
  month = sep,
  journal = {Stata Journal},
  volume = {20},
  number = {3},
  pages = {613--626},
  publisher = {{SAGE Publications}},
  issn = {1536-867X},
  doi = {10.1177/1536867X20953572}
}

@article{bib:dippel2021a,
  title = {The {{Effect}} of {{Trade}} on {{Workers}} and {{Voters}}},
  author = {Dippel, Christian and Gold, Robert and Heblich, Stephan and Pinto, Rodrigo},
  year = {2021},
  month = may,
  journal = {Economic Journal},
  number = {ueab041},
  issn = {0013-0133},
  doi = {10.1093/ej/ueab041}
}

@techreport{bib:doerr2020,
  type = {Discussion {{Paper}}},
  title = {From {{Finance}} to {{Fascism}}: {{The Real Effect}} of {{Germany}}'s 1931 {{Banking Crisis}}},
  author = {Doerr, Sebastian and Gissler, Stefan and Peydr{\'o}, Jos{\'e} Luis and Voth, Hans-Joachim},
  year = {2020},
  month = jun,
  number = {DP12806},
  address = {{London, UK}},
  institution = {{Centre for Economic Policy Research}}
}

@book{bib:duch2008,
  title = {The {{Economic Vote}}: {{How Political}} and {{Economic Institutions Condition Election Results}}},
  shorttitle = {The {{Economic Vote}}},
  author = {Duch, Raymond M. and Stevenson, Randolph T.},
  year = {2008},
  series = {Political {{Economy}} of {{Institutions}} and {{Decisions}}},
  edition = {1st},
  publisher = {{Cambridge University Press}},
  address = {{Cambridge, UK}},
  isbn = {978-0-511-38823-1 978-0-511-75593-4 978-0-521-88102-9 978-1-281-25490-0},
  annotation = {OCLC: 227092780}
}

@article{bib:duflo2001,
  title = {Schooling and {{Labor Market Consequences}} of {{School Construction}} in {{Indonesia}}: {{Evidence}} from an {{Unusual Policy Experiment}}},
  shorttitle = {Schooling and {{Labor Market Consequences}} of {{School Construction}} in {{Indonesia}}},
  author = {Duflo, Esther},
  year = {2001},
  month = sep,
  journal = {American Economic Review},
  volume = {91},
  number = {4},
  pages = {795--813},
  issn = {0002-8282},
  doi = {10.1257/aer.91.4.795}
}

@techreport{bib:eichengreen2017,
  type = {Working {{Paper}}},
  title = {Populists at the {{Polls}}: {{Economic Factors}} in the 1896 {{Presidential Election}}},
  shorttitle = {Populists at the {{Polls}}},
  author = {Eichengreen, Barry and Haines, Michael R and Jaremski, Matthew S and Leblang, David},
  year = {2017},
  month = oct,
  series = {Working {{Paper Series}}},
  number = {23932},
  address = {{Cambridge, MA}},
  institution = {{National Bureau of Economic Research}},
  doi = {10.3386/w23932}
}

@article{bib:ellger2021,
  title = {Local {{Newspaper Decline}} and {{Political Polarization}} in {{Multi-Party Systems}}},
  author = {Ellger, Fabio and Hilbig, Hanno and Riaz, Sascha and Tillmann, Philipp},
  year = {2021},
  month = may,
  doi = {10.31219/osf.io/nhwxs}
}

@techreport{bib:enke2020,
  type = {Working {{Paper}}},
  title = {Moral {{Universalism}} and the {{Structure}} of {{Ideology}}},
  author = {Enke, Benjamin and {Rodr{\'i}guez-Padilla}, Ricardo and Zimmermann, Florian},
  year = {2020},
  month = jul,
  series = {Working {{Paper Series}}},
  number = {27511},
  address = {{Cambridge, MA}},
  institution = {{National Bureau of Economic Research}},
  doi = {10.3386/w27511}
}

@article{bib:enke2020a,
  title = {Moral {{Values}} and {{Voting}}},
  author = {Enke, Benjamin},
  year = {2020},
  month = oct,
  journal = {Journal of Political Economy},
  volume = {128},
  number = {10},
  pages = {3679--3729},
  publisher = {{The University of Chicago Press}},
  issn = {0022-3808},
  doi = {10.1086/708857}
}

@article{bib:erikson1979,
  title = {Intergenerational {{Class Mobility}} in {{Three Western European Societies}}: {{England}}, {{France}} and {{Sweden}}},
  shorttitle = {Intergenerational {{Class Mobility}} in {{Three Western European Societies}}},
  author = {Erikson, Robert and Goldthorpe, John H. and Portocarero, Lucienne},
  year = {1979},
  journal = {British Journal of Sociology},
  volume = {30},
  number = {4},
  pages = {415--441},
  publisher = {{[Wiley, London School of Economics and Political Science, London School of Economics]}},
  issn = {0007-1315},
  doi = {10.2307/589632}
}

@article{bib:fernandez-vazquez2014,
  title = {And yet {{It Moves}}: {{The Effect}} of {{Election Platforms}} on {{Party Policy Images}}},
  author = {{Fernandez-Vazquez}, Pablo},
  year = {2014},
  month = jan,
  journal = {Comparative Political Studies},
  volume = {47},
  number = {14},
  pages = {1919--1944},
  publisher = {{SAGE Publications}},
  doi = {10.1177/0010414013516067}
}

@article{bib:ferner2020,
  title = {Automated {{Seeded Latent Dirichlet Allocation}} for {{Social Media Based Event Detection}} and {{Mapping}}},
  author = {Ferner, Cornelia and Havas, Clemens and Birnbacher, Elisabeth and Wegenkittl, Stefan and Resch, Bernd},
  year = {2020},
  month = jul,
  journal = {Information-an International Interdisciplinary Journal},
  volume = {11},
  number = {8},
  pages = {376},
  publisher = {{MDPI AG}},
  doi = {10.3390/info11080376}
}

@article{bib:fetzer2019,
  title = {Did {{Austerity Cause Brexit}}?},
  author = {Fetzer, Thiemo},
  year = {2019},
  month = nov,
  journal = {American Economic Review},
  volume = {109},
  number = {11},
  pages = {3849--3886},
  issn = {0002-8282},
  doi = {10.1257/aer.20181164}
}

@techreport{bib:fraccaroli2020,
  type = {Working {{Paper}}},
  title = {Central {{Banks}} in {{Parliaments}}: {{A Text Analysis}} of the {{Parliamentary Hearings}} of the {{Bank}} of {{England}}, the {{European Central Bank}} and the {{Federal Reserve}}},
  shorttitle = {Central {{Banks}} in {{Parliaments}}},
  author = {Fraccaroli, Nicol{\`o} and Giovannini, Alessandro and Jamet, Jean-Fran{\c c}ois},
  year = {2020},
  month = jul,
  number = {2442},
  address = {{Frankfurt am Main, Germany}},
  institution = {{European Central Bank}}
}

@article{bib:freeden1998,
  title = {Is {{Nationalism}} a {{Distinct Ideology}}?},
  author = {Freeden, Michael},
  year = {1998},
  month = sep,
  journal = {Political Studies},
  volume = {46},
  number = {4},
  pages = {748--765},
  publisher = {{SAGE Publications Ltd}},
  issn = {0032-3217},
  doi = {10.1111/1467-9248.00165}
}

@article{bib:freyaldenhoven2019,
  title = {Pre-Event {{Trends}} in the {{Panel Event-Study Design}}},
  author = {Freyaldenhoven, Simon and Hansen, Christian and Shapiro, Jesse M.},
  year = {2019},
  month = sep,
  journal = {American Economic Review},
  volume = {109},
  number = {9},
  pages = {3307--3338},
  issn = {0002-8282},
  doi = {10.1257/aer.20180609}
}

@article{bib:funke2016,
  title = {Going to {{Extremes}}: {{Politics After Financial Crises}}, 1870\textendash 2014},
  shorttitle = {Going to {{Extremes}}},
  author = {Funke, Manuel and Schularick, Moritz and Trebesch, Christoph},
  year = {2016},
  month = sep,
  journal = {European Economic Review},
  series = {{{SI}}: {{The Post-Crisis Slump}}},
  volume = {88},
  pages = {227--260},
  issn = {0014-2921},
  doi = {10.1016/j.euroecorev.2016.03.006}
}

@techreport{bib:funke2020,
  type = {Discussion {{Paper}}},
  title = {Populist {{Leaders}} and the {{Economy}}},
  author = {Funke, Manuel and Schularick, Moritz and Trebesch, Christoph},
  year = {2020},
  month = oct,
  number = {15405},
  address = {{London, UK}},
  institution = {{Centre for Economic Policy Research}}
}

@article{bib:galofre-vila2021,
  title = {Austerity and the {{Rise}} of the {{Nazi Party}}},
  author = {{Galofr{\'e}-Vil{\`a}}, Gregori and Meissner, Christopher M. and McKee, Martin and Stuckler, David},
  year = {2021},
  month = mar,
  journal = {Journal of Economic History},
  volume = {81},
  number = {1},
  pages = {81--113},
  publisher = {{Cambridge University Press}},
  issn = {0022-0507, 1471-6372},
  doi = {10.1017/S0022050720000601}
}

@unpublished{bib:gardner2021,
  title = {Two-Stage Differences in Differences},
  author = {Gardner, John},
  year = {2021},
  month = apr
}

@unpublished{bib:gennaro2021,
  title = {Emotion and {{Reason}} in {{Political Language}}},
  author = {Gennaro, Gloria and Ash, Elliott},
  year = {2021},
  month = feb
}

@article{bib:gentzkow2019,
  title = {Text as {{Data}}},
  author = {Gentzkow, Matthew and Kelly, Bryan and Taddy, Matt},
  year = {2019},
  month = sep,
  journal = {Journal of Economic Literature},
  volume = {57},
  number = {3},
  pages = {535--574},
  issn = {0022-0515},
  doi = {10.1257/jel.20181020}
}

@techreport{bib:giavazzi2020,
  type = {Working {{Paper}}},
  title = {Terrorist {{Attacks}}, {{Cultural Incidents}} and the {{Vote}} for {{Radical Parties}}: {{Analyzing Text}} from {{Twitter}}},
  shorttitle = {Terrorist {{Attacks}}, {{Cultural Incidents}} and the {{Vote}} for {{Radical Parties}}},
  author = {Giavazzi, Francesco and Iglhaut, Felix and Lemoli, Giacomo and Rubera, Gaia},
  year = {2020},
  month = mar,
  series = {Working {{Paper Series}}},
  number = {26825},
  address = {{Cambridge, MA}},
  institution = {{National Bureau of Economic Research}},
  doi = {10.3386/w26825}
}

@techreport{bib:giuliano2020a,
  type = {Working {{Paper}}},
  title = {The {{Seeds}} of {{Ideology}}: {{Historical Immigration}} and {{Political Preferences}} in the {{United States}}},
  shorttitle = {The {{Seeds}} of {{Ideology}}},
  author = {Giuliano, Paola and Tabellini, Marco},
  year = {2020},
  month = may,
  series = {Working {{Paper Series}}},
  number = {27238},
  address = {{Cambridge, MA}},
  institution = {{National Bureau of Economic Research}},
  doi = {10.3386/w27238}
}

@book{bib:gnan2020,
  title = {Populism, {{Economic Policies}} and {{Central Banking}}},
  editor = {Gnan, Ernest and Masciandaro, Donato},
  year = {2020},
  collaborator = {Agur, Itai and Binder, Carola Conces and Bodea, Cristina and Borio, Claudio E. V. and Colantone, Italo and Favaretto, Federico and Garriga, Ana Carolina and Gerlach, Stefan and Higashijima, Masaaki and Kokoszczy{\'n}ski, Ryszard and {Mackiewicz-{\L}yziak}, Joanna and Magud, Nicolas and Minxhozi, Luljeta and Morelli, Massimo and Passarelli, Francesco and Spilimbergo, Antonio and Stanig, Piero and Werner, Alejandro M.},
  isbn = {978-3-902109-89-7},
  annotation = {OCLC: 1190713746}
}

@article{bib:goebel2019,
  title = {The {{German Socio-Economic Panel}} ({{SOEP}})},
  author = {Goebel, Jan and Grabka, Markus M. and Liebig, Stefan and Kroh, Martin and Richter, David and Schr{\"o}der, Carsten and Schupp, J{\"u}rgen},
  year = {2019},
  month = apr,
  journal = {Jahrb\"ucher f\"ur National\"okonomie und Statistik},
  volume = {239},
  number = {2},
  pages = {345--360},
  publisher = {{De Gruyter Oldenbourg}},
  issn = {0021-4027, 2366-049X},
  doi = {10.1515/jbnst-2018-0022},
  chapter = {Jahrb\"ucher f\"ur National\"okonomie und Statistik}
}

@article{bib:goldsmith-pinkham2020,
  title = {Bartik {{Instruments}}: {{What}}, {{When}}, {{Why}}, and {{How}}},
  shorttitle = {Bartik {{Instruments}}},
  author = {{Goldsmith-Pinkham}, Paul and Sorkin, Isaac and Swift, Henry},
  year = {2020},
  month = aug,
  journal = {American Economic Review},
  volume = {110},
  number = {8},
  pages = {2586--2624},
  issn = {0002-8282},
  doi = {10.1257/aer.20181047}
}

@article{bib:goodman-bacon2021,
  title = {Difference-in-Differences with Variation in Treatment Timing},
  author = {{Goodman-Bacon}, Andrew},
  year = {2021},
  month = jun,
  journal = {Journal of Econometrics},
  issn = {0304-4076},
  doi = {10.1016/j.jeconom.2021.03.014}
}

@article{bib:gormley2011,
  title = {Growing {{Out}} of {{Trouble}}? {{Corporate Responses}} to {{Liability Risk}}},
  shorttitle = {Growing {{Out}} of {{Trouble}}?},
  author = {Gormley, Todd A. and Matsa, David A.},
  year = {2011},
  month = aug,
  journal = {Review of Financial Studies},
  volume = {24},
  number = {8},
  pages = {2781--2821},
  issn = {0893-9454},
  doi = {10.1093/rfs/hhr011}
}

@techreport{bib:grabka2018,
  type = {Report},
  title = {Income {{Distribution}} in {{Germany}}: {{Real Income}} on the {{Rise Since}} 1991 but {{More People}} with {{Low Incomes}}},
  author = {Grabka, Markus M. and Goebel, Jan},
  year = {2018},
  month = may,
  number = {21/2018},
  pages = {12},
  address = {{Berlin, Germany}},
  institution = {{DIW Berlin}}
}

@article{bib:graham2012,
  title = {Identification and {{Estimation}} of {{Average Partial Effects}} in "{{Irregular}}" {{Correlated Random Coefficient Panel Data Models}}},
  author = {Graham, Bryan S. and Powell, James L.},
  year = {2012},
  journal = {Econometrica},
  volume = {80},
  number = {5},
  pages = {2105--2152},
  issn = {0012-9682},
  doi = {10.3982/ECTA8220}
}

@article{bib:guinnane2001,
  title = {Cooperatives as {{Information Machines}}: {{German Rural Credit Cooperatives}}, 1883-1914},
  shorttitle = {Cooperatives as {{Information Machines}}},
  author = {Guinnane, Timothy W.},
  year = {2001},
  journal = {Journal of Economic History},
  volume = {61},
  number = {2},
  pages = {366--389},
  issn = {0022-0507}
}

@techreport{bib:guiso2017a,
  type = {Working {{Paper}}},
  title = {Demand and {{Supply}} of {{Populism}}},
  author = {Guiso, Luigi and Herrera, Helios and Morelli, Massimo and Sonno, Tommaso},
  year = {2017},
  month = feb,
  number = {17/03},
  address = {{Rome, Italy}},
  institution = {{Einaudi Institute for Economics and Finance}}
}

@article{bib:guiso2019,
  title = {Global Crises and Populism: The Role of {{Eurozone}} Institutions},
  shorttitle = {Global Crises and Populism},
  author = {Guiso, Luigi and Herrera, Helios and Morelli, Massimo and Sonno, Tommaso},
  year = {2019},
  month = jan,
  journal = {Economic Policy},
  volume = {34},
  number = {97},
  pages = {95--139},
  issn = {0266-4658},
  doi = {10.1093/epolic/eiy018}
}

@unpublished{bib:guiso2020,
  title = {Economic {{Insecurity}} and the {{Demand}} of {{Populism}} in {{Europe}}},
  author = {Guiso, Luigi and Herrera, Helios and Morelli, Massimo and Sonno, Tommaso},
  year = {2020},
  month = may
}

@techreport{bib:guriev2020,
  type = {Discussion {{Paper}}},
  title = {The {{Political Economy}} of {{Populism}}},
  author = {Guriev, Sergei and Papaioannou, Elias},
  year = {2020},
  month = feb,
  number = {DP14433},
  address = {{London, UK}},
  institution = {{Centre for Economic Policy Research}}
}

@unpublished{bib:gyongyosi2020,
  title = {Financial {{Crisis}}, {{Creditor-Debtor Conflict}}, and {{Populism}}},
  author = {Gy{\"o}ngy{\"o}si, Gy{\H o}z{\H o} and Verner, Emil},
  year = {2020},
  month = feb
}

@article{bib:hansen2018,
  title = {Transparency and {{Deliberation Within}} the {{FOMC}}: {{A Computational Linguistics Approach}}},
  shorttitle = {Transparency and {{Deliberation Within}} the {{FOMC}}},
  author = {Hansen, Stephen and McMahon, Michael and Prat, Andrea},
  year = {2018},
  month = may,
  journal = {Quarterly Journal of Economics},
  volume = {133},
  number = {2},
  pages = {801--870},
  issn = {0033-5533},
  doi = {10.1093/qje/qjx045}
}

@article{bib:herrera2020,
  ids = {bib:herrera2020a},
  title = {Political {{Booms}}, {{Financial Crises}}},
  author = {Herrera, Helios and Ordo{\~n}ez, Guillermo and Trebesch, Christoph},
  year = {2020},
  month = feb,
  journal = {Journal of Political Economy},
  volume = {128},
  number = {2},
  pages = {507--543},
  publisher = {{The University of Chicago Press}},
  issn = {0022-3808},
  doi = {10.1086/704544}
}

@article{bib:hobolt2016,
  title = {Turning {{Against}} the {{Union}}? {{The Impact}} of the {{Crisis}} on the {{Eurosceptic Vote}} in the 2014 {{European Parliament Elections}}},
  shorttitle = {Turning {{Against}} the {{Union}}?},
  author = {Hobolt, Sara B. and {de Vries}, Catherine},
  year = {2016},
  month = dec,
  journal = {Electoral Studies},
  volume = {44},
  pages = {504--514},
  issn = {0261-3794},
  doi = {10.1016/j.electstud.2016.05.006}
}

@article{bib:houngbedji2016,
  title = {Abadie's {{Semiparametric Difference-in-differences Estimator}}},
  author = {Houngbedji, Kenneth},
  year = {2016},
  month = jun,
  journal = {Stata Journal},
  volume = {16},
  number = {2},
  pages = {482--490},
  publisher = {{SAGE Publications}},
  issn = {1536-867X},
  doi = {10.1177/1536867X1601600213}
}

@article{bib:huber2018,
  title = {Disentangling the {{Effects}} of a {{Banking Crisis}}: {{Evidence}} from {{German Firms}} and {{Counties}}},
  shorttitle = {Disentangling the {{Effects}} of a {{Banking Crisis}}},
  author = {Huber, Kilian},
  year = {2018},
  month = mar,
  journal = {American Economic Review},
  volume = {108},
  number = {3},
  pages = {868--898},
  issn = {0002-8282},
  doi = {10.1257/aer.20161534}
}

@article{bib:huber2021,
  title = {Discrimination, {{Managers}}, and {{Firm Performance}}: {{Evidence}} from "{{Aryanizations}}" in {{Nazi Germany}}},
  shorttitle = {Discrimination, {{Managers}}, and {{Firm Performance}}},
  author = {Huber, Kilian and Lindenthal, Volker and Waldinger, Fabian},
  year = {2021},
  month = apr,
  journal = {Journal of Political Economy},
  issn = {0022-3808, 1537-534X},
  doi = {10.1086/714994}
}

@article{bib:imai2021,
  title = {On the {{Use}} of {{Two-Way Fixed Effects Regression Models}} for {{Causal Inference}} with {{Panel Data}}},
  author = {Imai, Kosuke and Kim, In Song},
  year = {2021},
  month = jul,
  journal = {Political Analysis},
  volume = {29},
  number = {3},
  pages = {405--415},
  publisher = {{Cambridge University Press}},
  issn = {1047-1987, 1476-4989},
  doi = {10.1017/pan.2020.33}
}

@book{bib:inglehart2018,
  title = {Cultural {{Evolution}}: {{People}}'s {{Motivations Are Changing}}, and {{Reshaping}} the {{World}}},
  shorttitle = {Cultural {{Evolution}}},
  author = {Inglehart, Ronald},
  year = {2018},
  series = {American Political Thought},
  publisher = {{Cambridge University Press}},
  address = {{Cambridge, UK}},
  isbn = {978-1-108-48931-7},
  lccn = {HM831 .I574 2018}
}

@article{bib:ivashina2010,
  title = {Bank {{Lending During}} the {{Financial Crisis}} of 2008},
  author = {Ivashina, Victoria and Scharfstein, David},
  year = {2010},
  journal = {Journal of Financial Economics},
  volume = {97},
  pages = {319--338}
}

@incollection{bib:jagarlamudi,
  title = {Incorporating {{Lexical Priors}} into {{Topic Models}}},
  booktitle = {Proceedings of the 13th {{Conference}} of the {{European Chapter}} of the {{Association}} for {{Computational Linguistics}}},
  author = {Jagarlamudi, Jagadeesh and Iii, Hal Daume and Udupa, Raghavendra},
  pages = {204--213},
  publisher = {{Association for Computational Linguistics (ACL)}},
  address = {{Avignon, France}}
}

@techreport{bib:jaume2021,
  type = {Working {{Paper}}},
  title = {Do {{Credit Supply Shocks Affect Employment}} in {{Middle-Income Countries}}?},
  author = {Jaume, David and Gutierrez, Emilio and Tobal, Mart{\'i}n},
  year = {2021},
  month = apr,
  number = {277},
  address = {{Buenos Aires, Argentina}},
  institution = {{Universidad Nacional de la Plata}},
  issn = {1853-0168}
}

@article{bib:jorda2016,
  title = {The {{Time}} for {{Austerity}}: {{Estimating}} the {{Average Treatment Effect}} of {{Fiscal Policy}}},
  shorttitle = {The {{Time}} for {{Austerity}}},
  author = {Jord{\`a}, {\`O}scar and Taylor, Alan M.},
  year = {2016},
  journal = {The Economic Journal},
  volume = {126},
  number = {590},
  pages = {219--255},
  issn = {1468-0297},
  doi = {10.1111/ecoj.12332},
  annotation = {\_eprint: https://onlinelibrary.wiley.com/doi/pdf/10.1111/ecoj.12332}
}

@article{bib:kahn-lang2020,
  title = {The {{Promise}} and {{Pitfalls}} of {{Differences-in-Differences}}: {{Reflections}} on 16 and {{Pregnant}} and {{Other Applications}}},
  shorttitle = {The {{Promise}} and {{Pitfalls}} of {{Differences-in-Differences}}},
  author = {{Kahn-Lang}, Ariella and Lang, Kevin},
  year = {2020},
  month = jul,
  journal = {Journal of Business \& Economic Statistics},
  volume = {38},
  number = {3},
  pages = {613--620},
  publisher = {{Taylor \& Francis}},
  issn = {0735-0015},
  doi = {10.1080/07350015.2018.1546591},
  annotation = {\_eprint: https://doi.org/10.1080/07350015.2018.1546591}
}

@techreport{bib:kalemli-ozcan2015,
  type = {Working {{Paper}}},
  title = {How to {{Construct Nationally Representative Firm Level Data}} from the {{Orbis Global Database}}: {{New Facts}} and {{Aggregate Implications}}},
  shorttitle = {How to {{Construct Nationally Representative Firm Level Data}} from the {{Orbis Global Database}}},
  author = {{Kalemli-Ozcan}, Sebnem and Sorensen, Bent and {Villegas-Sanchez}, Carolina and Volosovych, Vadym and Yesiltas, Sevcan},
  year = {2015},
  month = sep,
  series = {Working {{Paper Series}}},
  number = {21558},
  address = {{Cambridge, MA}},
  institution = {{National Bureau of Economic Research}},
  doi = {10.3386/w21558}
}

@article{bib:kitagawa2015,
  title = {A {{Test}} for {{Instrument Validity}}},
  author = {Kitagawa, Toru},
  year = {2015},
  journal = {Econometrica},
  volume = {83},
  number = {5},
  pages = {2043--2063},
  issn = {1468-0262},
  doi = {10.3982/ECTA11974},
  annotation = {\_eprint: https://onlinelibrary.wiley.com/doi/pdf/10.3982/ECTA11974}
}

@book{bib:klein1993,
  title = {{Strategien der Gro\ss banken in den neuen Bundesl\"andern}},
  author = {Klein, Sebastian},
  year = {1993},
  series = {{Trends in Finance and Banking}},
  publisher = {{Gabler Verlag}},
  doi = {10.1007/978-3-663-12386-6},
  isbn = {978-3-409-14696-8}
}

@techreport{bib:leahy2019,
  type = {Working {{Paper}}},
  title = {Demographic {{Effects}} on the {{Impact}} of {{Monetary Policy}}},
  author = {Leahy, John V. and Thapar, Aditi},
  year = {2019},
  month = sep,
  number = {26324},
  address = {{Cambridge, MA}},
  institution = {{National Bureau of Economic Research}}
}

@article{bib:lechler2019,
  title = {Employment Shocks and Anti-{{EU}} Sentiment},
  author = {Lechler, Marie},
  year = {2019},
  month = sep,
  journal = {European Journal of Political Economy},
  volume = {59},
  pages = {266--295},
  publisher = {{Elsevier BV}},
  doi = {10.1016/j.ejpoleco.2019.03.005}
}

@article{bib:lichter2020,
  title = {The {{Long-Term Costs}} of {{Government Surveillance}}: {{Insights}} from {{Stasi Spying}} in {{East Germany}}},
  shorttitle = {The {{Long-Term Costs}} of {{Government Surveillance}}},
  author = {Lichter, Andreas and L{\"o}ffler, Max and Siegloch, Sebastian},
  year = {2020},
  month = apr,
  journal = {Journal of the European Economic Association},
  doi = {10.1093/jeea/jvaa009}
}

@unpublished{bib:liu2021,
  title = {A {{Practical Guide}} to {{Counterfactual Estimators}} for {{Causal Inference}} with {{Time-Series Cross-Sectional Data}}},
  author = {Liu, Licheng and Wang, Ye and Xu, Yiqing},
  year = {2021},
  month = jul
}

@inproceedings{bib:lu2011,
  title = {Multi-Aspect {{Sentiment Analysis}} with {{Topic Models}}},
  booktitle = {2011 {{IEEE}} 11th {{International Conference}} on {{Data Mining Workshops}}},
  author = {Lu, Bin and Ott, Myle and Cardie, Claire and Tsou, Benjamin K.},
  year = {2011},
  month = dec,
  pages = {81--88},
  address = {{Vancouver, BC, Canada}},
  issn = {2375-9259},
  doi = {10.1109/ICDMW.2011.125}
}

@article{bib:luthen2021,
  title = {{{SOEP-RV}}: {{Linking German Socio-Economic Panel Data}} to {{Pension Records}}},
  shorttitle = {{{SOEP-RV}}},
  author = {L{\"u}then, Holger and Schr{\"o}der, Carsten and Grabka, Markus M. and Goebel, Jan and Mika, Tatjana and Br{\"u}ggmann, Daniel and Ellert, Sebastian and Penz, Hannah},
  year = {2021},
  month = jul,
  journal = {Jahrb\"ucher f\"ur National\"okonomie und Statistik},
  publisher = {{De Gruyter Oldenbourg}},
  issn = {2366-049X},
  doi = {10.1515/jbnst-2021-0020}
}

@article{bib:magni2017,
  title = {It's the Emotions, {{Stupid}}! {{Anger}} about the Economic Crisis, Low Political Efficacy, and Support for Populist Parties},
  author = {Magni, Gabriele},
  year = {2017},
  month = dec,
  journal = {Electoral Studies},
  volume = {50},
  pages = {91--102},
  issn = {0261-3794},
  doi = {10.1016/j.electstud.2017.09.014}
}

@article{bib:mian2014b,
  title = {Resolving {{Debt Overhang}}: {{Political Constraints}} in the {{Aftermath}} of {{Financial Crises}}},
  shorttitle = {Resolving {{Debt Overhang}}},
  author = {Mian, Atif and Sufi, Amir and Trebbi, Francesco},
  year = {2014},
  month = apr,
  journal = {American Economic Journal: Macroeconomics},
  volume = {6},
  number = {2},
  pages = {1--28},
  issn = {1945-7707},
  doi = {10.1257/mac.6.2.1}
}

@article{bib:mudde2004,
  title = {The {{Populist Zeitgeist}}},
  author = {Mudde, Cas},
  year = {2004},
  journal = {Government and Opposition},
  volume = {39},
  number = {4},
  pages = {541--563},
  issn = {1477-7053},
  doi = {10.1111/j.1477-7053.2004.00135.x},
  annotation = {\_eprint: https://onlinelibrary.wiley.com/doi/pdf/10.1111/j.1477-7053.2004.00135.x}
}

@book{bib:norris2019,
  title = {Cultural {{Backlash}}: {{Trump}}, {{Brexit}}, and {{Authoritarian Populism}}},
  shorttitle = {Cultural {{Backlash}}},
  author = {Norris, Pippa and Inglehart, Ronald},
  year = {2019},
  publisher = {{Cambridge University Press}},
  address = {{Cambridge}},
  doi = {10.1017/9781108595841},
  isbn = {978-1-108-42607-7}
}

@article{bib:norris2020,
  title = {Measuring Populism Worldwide},
  author = {Norris, Pippa},
  year = {2020},
  month = jul,
  journal = {Party Politics},
  volume = {26},
  number = {6},
  pages = {697--717},
  publisher = {{SAGE Publications}},
  doi = {10.1177/1354068820927686}
}

@techreport{bib:ochsner2017,
  type = {Working {{Paper}}},
  title = {Activated {{History}} - {{The Case}} of the {{Turkish Sieges}} of {{Vienna}}},
  shorttitle = {Activated {{History}}},
  author = {Ochsner, Christian and Roesel, Felix},
  year = {2017},
  number = {6586},
  pages = {68},
  address = {{Munich, Germany}},
  institution = {{CESifo}}
}

@techreport{bib:oto-peralias2021,
  type = {Preprint},
  title = {Gendered Cities: {{Studying}} Urban Gender Bias through Street Names},
  shorttitle = {Gendered Cities},
  author = {{Oto-Peral{\'i}as}, Daniel and Guti{\'e}rrez Mora, Dolores},
  year = {2021},
  month = mar,
  institution = {{Open Science Framework}},
  doi = {10.31219/osf.io/b9n4k}
}

@article{bib:polk2017,
  title = {Explaining the Salience of Anti-Elitism and Reducing Political Corruption for Political Parties in {{Europe}} with the 2014 {{Chapel Hill Expert Survey}} Data},
  author = {Polk, Jonathan and Rovny, Jan and Bakker, Ryan and Edwards, Erica and Hooghe, Liesbet and Jolly, Seth and Koedam, Jelle and Kostelka, Filip and Marks, Gary and Schumacher, Gijs and Steenbergen, Marco and Vachudova, Milada and Zilovic, Marko},
  year = {2017},
  month = jan,
  journal = {Research \& Politics},
  volume = {4},
  number = {1},
  publisher = {{SAGE Publications Ltd}},
  issn = {2053-1680},
  doi = {10.1177/2053168016686915}
}

@article{bib:preotiuc-pietro2015,
  title = {Studying {{User Income}} through {{Language}}, {{Behaviour}} and {{Affect}} in {{Social Media}}},
  author = {{Preo{\c t}iuc-Pietro}, Daniel and Volkova, Svitlana and Lampos, Vasileios and Bachrach, Yoram and Aletras, Nikolaos},
  year = {2015},
  month = sep,
  journal = {PLOS ONE},
  volume = {10},
  number = {9},
  pages = {e0138717},
  publisher = {{Public Library of Science}},
  issn = {1932-6203},
  doi = {10.1371/journal.pone.0138717}
}

@article{bib:puri2011,
  title = {Global {{Retail Lending}} in the {{Aftermath}} of the {{Us Financial Crisis}}: {{Distinguishing Between Supply}} and {{Demand Effects}}},
  shorttitle = {Global {{Retail Lending}} in the {{Aftermath}} of the {{Us Financial Crisis}}},
  author = {Puri, Manju and Rocholl, J{\"o}rg and Steffen, Sascha},
  year = {2011},
  journal = {Journal of Financial Economics},
  volume = {100},
  number = {3},
  pages = {556--578},
  issn = {0304-405X},
  doi = {10.1016/j.jfineco.2010.12.001}
}

@unpublished{bib:rambachan2020,
  title = {Design-{{Based Uncertainty}} for {{Quasi-Experiments}}},
  author = {Rambachan, Ashesh and Roth, Jonathan},
  year = {2020},
  month = aug
}

@unpublished{bib:rambachan2021,
  title = {An {{Honest Approach}} to {{Parallel Trends}}},
  author = {Rambachan, Ashesh and Roth, Jonathan},
  year = {2021},
  month = aug
}

@misc{bib:rauh2020,
  title = {The {{Parlspeech V2 Data Set}}: {{Full-Text Corpora}} of 6.3 {{Million Parliamentary Speeches}} in the {{Key Legislative Chambers}} of {{Nine Representative Democracies}}},
  shorttitle = {The {{Parlspeech V2 Data Set}}},
  author = {Rauh, Christian and Schwalbach, Jan},
  year = {2020},
  month = mar,
  publisher = {{Harvard Dataverse}}
}

@article{bib:reinhart2009a,
  title = {The {{Aftermath}} of {{Financial Crises}}},
  author = {Reinhart, Carmen M. and Rogoff, Kenneth S.},
  year = {2009},
  month = may,
  journal = {American Economic Review},
  volume = {99},
  number = {2},
  pages = {466--472},
  issn = {0002-8282},
  doi = {10.1257/aer.99.2.466}
}

@article{bib:reinhart2011,
  title = {From {{Financial Crash}} to {{Debt Crisis}}},
  author = {Reinhart, Carmen M. and Rogoff, Kenneth S.},
  year = {2011},
  month = aug,
  journal = {American Economic Review},
  volume = {101},
  number = {5},
  pages = {1676--1706},
  issn = {0002-8282},
  doi = {10.1257/aer.101.5.1676}
}

@techreport{bib:rodrik2017,
  type = {Working {{Paper}}},
  title = {Populism and the {{Economics}} of {{Globalization}}},
  author = {Rodrik, Dani},
  year = {2017},
  month = jun,
  series = {Working {{Paper Series}}},
  number = {23559},
  address = {{Cambridge, MA}},
  institution = {{National Bureau of Economic Research}},
  doi = {10.3386/w23559}
}

@article{bib:rodrik2018,
  title = {Populism and the {{Economics}} of {{Globalization}}},
  author = {Rodrik, Dani},
  year = {2018},
  journal = {Journal of International Business Policy},
  volume = {1},
  number = {1-2},
  pages = {12--33},
  issn = {2522-0691, 2522-0705},
  doi = {10.1057/s42214-018-0001-4}
}

@article{bib:rodrik2018a,
  title = {Is {{Populism Necessarily Bad Economics}}?},
  author = {Rodrik, Dani},
  year = {2018},
  month = may,
  journal = {AEA Papers and Proceedings},
  volume = {108},
  pages = {196--199},
  issn = {2574-0768},
  doi = {10.1257/pandp.20181122}
}

@misc{bib:rodrik2019,
  title = {Many Forms of Populism},
  author = {Rodrik, Dani},
  year = {2019},
  month = oct,
  journal = {VoxEU.org}
}

@unpublished{bib:romarri2020,
  title = {Do {{Far-Right Mayors Increase}} the {{Probability}} of {{Hate Crimes}}? {{Evidence From Italy}}},
  shorttitle = {Do {{Far-Right Mayors Increase}} the {{Probability}} of {{Hate Crimes}}?},
  author = {Romarri, Alessio},
  year = {2020},
  month = dec,
  annotation = {Job Market Paper}
}

@article{bib:rooduijn2011,
  title = {Measuring {{Populism}}: {{Comparing Two Methods}} of {{Content Analysis}}},
  shorttitle = {Measuring {{Populism}}},
  author = {Rooduijn, Matthijs and Pauwels, Teun},
  year = {2011},
  month = nov,
  journal = {West European Politics},
  volume = {34},
  number = {6},
  pages = {1272--1283},
  issn = {0140-2382, 1743-9655},
  doi = {10.1080/01402382.2011.616665}
}

@misc{bib:rooduijn2019,
  title = {The {{PopuList}}: {{An Overview}} of {{Populist}}, {{Far Right}}, {{Far Left}} and {{Eurosceptic Parties}} in {{Europe}}},
  shorttitle = {The {{PopuList}}},
  author = {Rooduijn, Matthijs and Van Kessel, Stijn and Froio, Caterina and Pirro, Andrea and De Lange, Sarah and Halikiopoulou, Daphne and Lewis, Paul and Mudde, Cas and Taggart, Paul},
  year = {2019}
}

@unpublished{bib:roth2020,
  title = {Pre-Test with {{Caution}}: {{Event-study Estimates After Testing}} for {{Parallel Trends}}},
  author = {Roth, Jonathan},
  year = {2020},
  month = may
}

@unpublished{bib:roth2020a,
  title = {When {{Is Parallel Trends Sensitive}} to {{Functional Form}}?},
  author = {Roth, Jonathan and Sant'Anna, Pedro H. C.},
  year = {2020},
  month = oct
}

@article{bib:roth2021,
  title = {Pre-Test with {{Caution}}: {{Event-study Estimates After Testing}} for {{Parallel Trends}}},
  author = {Roth, Jonathan},
  year = {2021},
  month = feb,
  journal = {American Economic Review: Insights},
  pages = {20},
  doi = {10.1257/aeri.20210236}
}

@unpublished{bib:roth2022,
  title = {What's {{Trending}} in {{Difference-in-Differences}}? {{A Synthesis}} of the {{Recent Econometrics Literature}}},
  author = {Roth, Jonathan and Sant'Anna, Pedro H. C. and Bilinski, Alyssa and Poe, John},
  year = {2022},
  month = jan
}

@unpublished{bib:sartre2020,
  title = {Toxic {{Loans}} and the {{Rise}} of {{Populist Candidacies}}},
  author = {Sartre, Emilie and Daniele, Gianmarco and Vertier, Paul},
  year = {2020}
}

@article{bib:sever2021,
  title = {Political Booms and Currency Crises},
  author = {Sever, Can},
  year = {2021},
  month = dec,
  journal = {Journal of Macroeconomics},
  volume = {70},
  issn = {0164-0704},
  doi = {10.1016/j.jmacro.2021.103373}
}

@techreport{bib:siegers2021,
  type = {Data {{Documentation}}},
  title = {{{SOEP-Core}} V36 \textendash{} {{Documentation}} of {{Sample Sizes}} and {{Panel Attrition}} in the {{German Socio-Economic Panel}} ({{SOEP}}) (1984 until 2019)},
  author = {Siegers, Rainer and Steinhauer, Hans Walter and D{\"u}hrsen, Lennart},
  year = {2021},
  number = {960: Series C},
  pages = {118},
  address = {{Berlin, Germany}},
  institution = {{DIW Berlin}}
}

@techreport{bib:solon2013,
  type = {Working {{Paper}}},
  title = {What {{Are We Weighting For}}?},
  author = {Solon, Gary and Haider, Steven J. and Wooldridge, Jeffrey},
  year = {2013},
  month = feb,
  series = {Working {{Paper Series}}},
  number = {18859},
  address = {{Cambridge, MA}},
  institution = {{National Bureau of Economic Research}},
  doi = {10.3386/w18859}
}

@article{bib:steinmayr2021,
  title = {Contact versus Exposure: {{Refugee}} Presence and Voting for the Far Right},
  author = {Steinmayr, Andreas},
  year = {2021},
  month = may,
  journal = {Review of Economics and Statistics},
  volume = {103},
  number = {2},
  pages = {310--327},
  publisher = {{MIT Press - Journals}},
  doi = {10.1162/rest_a_00922}
}

@article{bib:sun2021,
  title = {Estimating Dynamic Treatment Effects in Event Studies with Heterogeneous Treatment Effects},
  author = {Sun, Liyang and Abraham, Sarah},
  year = {2021},
  month = dec,
  journal = {Journal of Econometrics},
  series = {Themed {{Issue}}: {{Treatment Effect}} 1},
  volume = {225},
  number = {2},
  pages = {175--199},
  issn = {0304-4076},
  doi = {10.1016/j.jeconom.2020.09.006}
}

@article{bib:watanabe2020,
  title = {Theory-{{Driven Analysis}} of {{Large Corpora}}: {{Semisupervised Topic Classification}} of the {{UN Speeches}}},
  shorttitle = {Theory-{{Driven Analysis}} of {{Large Corpora}}},
  author = {Watanabe, Kohei and Zhou, Yuan},
  year = {2020},
  month = feb,
  journal = {Social Science Computer Review},
  publisher = {{SAGE Publications Inc}},
  issn = {0894-4393},
  doi = {10.1177/0894439320907027}
}

@unpublished{bib:wooldridge2021,
  title = {Two-{{Way Fixed Effects}}, the {{Two-Way Mundlak Regression}}, and {{Difference-in-Differences Estimators}}},
  author = {Wooldridge, Jeffrey M.},
  year = {2021},
  month = aug
}

@article{bib:ziblatt2020,
  title = {Wealth of {{Tongues}}: {{Why Peripheral Regions Vote}} for the {{Radical Right}} in {{Germany}}},
  shorttitle = {Wealth of {{Tongues}}},
  author = {Ziblatt, Daniel and Hilbig, Hanno and Bischof, Daniel},
  year = {2020},
  month = apr,
  doi = {10.31235/osf.io/syr84}
}


