
@article{bib:besley2014,
  title = {The {{Legacy}} of {{Historical Conflict}}: {{Evidence}} from {{Africa}}},
  shorttitle = {The {{Legacy}} of {{Historical Conflict}}},
  author = {Besley, Timothy and {Reynal-Querol}, Marta},
  year = {2014},
  month = may,
  journal = {American Political Science Review},
  volume = {108},
  number = {2},
  pages = {319--336},
  publisher = {{Cambridge University Press}},
  issn = {0003-0554, 1537-5943},
  doi = {10.1017/S0003055414000161}
}


